@article{joyal1981theorie,
  title={Une th{\'e}orie combinatoire des s{\'e}ries formelles},
  author={Joyal, Andr{\'e}},
  journal={Advances in mathematics},
  volume={42},
  number={1},
  pages={1--82},
  year={1981},
  publisher={Elsevier}
}

@Book{bll,
  address =	"Cambridge",
  author =	"Fran{\c c}ois Bergeron and Gilbert Labelle and Pierre Leroux",
  translator =  "Margaret Readdy",
  number =	"67",
  publisher =	"Cambridge University Press",
  series =	"Encyclopedia of Mathematics and its Applications",
  title =	"Combinatorial species and tree-like structures",
  year = 	"1998",
},
